@online{codiceconvoluzionale,
  title = {\href{https://it.wikipedia.org/wiki/Codice_convoluzionale}{Codice convoluzionale}}
}

@online{specifichedelprogetto,
  title = {\href{https://github.com/NidasioAlberto/reti-logiche-2022/blob/79ccec1a16f75aced9959609f4a1ac21ca6abf37/rules/PFRL_Specifica_21_22_V3.pdf}{PFRL\_Specifica\_21\_22\_V3}}
}